@online{TimeLineOfAI,
  title = {Timeline of AI},
  url = {https://en.wikipedia.org/wiki/Timeline_of_artificial_intelligence?oldformat=true},
  urldate = {2020-11-24}
}



@online{AIQuotePichai,
  author = {Sundai Pichai, CEO of Google},
  title = {Quote about AI from Google CEO Sundar Pichai},
  url = {https://www.cnbc.com/2018/02/01/google-ceo-sundar-pichai-ai-is-more-important-than-fire-electricity.html},
  urldate = {2020-11-24}
}

@online{top500,
  author = {},
  title = {Performance of the top 500 Supercomputers over time},
  url = {https://www.top500.org/statistics/perfdevel/},
  urldate = {2020-11-24}
}

@article{10.1145/3065386,
author = {Krizhevsky, Alex and Sutskever, Ilya and Hinton, Geoffrey E.},
title = {ImageNet Classification with Deep Convolutional Neural Networks},
year = {2017},
issue_date = {June 2017},
publisher = {Association for Computing Machinery},
address = {New York, NY, USA},
volume = {60},
number = {6},
issn = {0001-0782},
url = {https://doi.org/10.1145/3065386},
doi = {10.1145/3065386},
journal = {Commun. ACM},
month = may,
pages = {84–90},
numpages = {7}
}

@inproceedings{szegedy2015going,
  title={Going deeper with convolutions},
  author={Szegedy, Christian and Liu, Wei and Jia, Yangqing and Sermanet, Pierre and Reed, Scott and Anguelov, Dragomir and Erhan, Dumitru and Vanhoucke, Vincent and Rabinovich, Andrew},
  booktitle={Proceedings of the IEEE conference on computer vision and pattern recognition},
  pages={1--9},
  year={2015}
}

@online{XAIMethods,
  author = {Murat Durmus},
  title = {5 Methods for XAI},
  url = {https://www.aisoma.de/5-methods-for-explainable-ai-xai/},
  urldate = {2020-11-24}
}

@incollection{NIPS2017_7062,
title = {A Unified Approach to Interpreting Model Predictions},
author = {Lundberg, Scott M and Lee, Su-In},
booktitle = {Advances in Neural Information Processing Systems 30},
editor = {I. Guyon and U. V. Luxburg and S. Bengio and H. Wallach and R. Fergus and S. Vishwanathan and R. Garnett},
pages = {4765--4774},
year = {2017},
publisher = {Curran Associates, Inc.},
url = {http://papers.nips.cc/paper/7062-a-unified-approach-to-interpreting-model-predictions.pdf}
}

@misc{das2020opportunities,
      title={Opportunities and Challenges in Explainable Artificial Intelligence (XAI): A Survey}, 
      author={Arun Das and Paul Rad},
      year={2020},
      eprint={2006.11371},
      archivePrefix={arXiv},
      primaryClass={cs.CV}
}

@misc{castle_image,
      title={Isle of Skye: Dunvegan Castle \& Gardens},
      url = {https://bullitour.com/isle-of-skye-dunvegan-castle-tipps/},
      author={Anja}
}

@misc{wikipedia_taylor_series_2020, 
    title={Taylor series}, url={https://en.wikipedia.org/wiki/Taylor_series?oldformat=true}, journal={Wikipedia}, publisher={Wikimedia Foundation}, 
    year={2020}, 
    month={11}
} 
    
@misc{compGameTheory, 
    title={How Game Theory Works},                         url={https://www.investopedia.com/terms/g/gametheory.asp}, journal={Investopedia}, publisher={Investopedia}, author={Hayes, Adam}, year={2020}, month={8}
}

@BOOK{Baecker2014,
	AUTHOR = {Baecker, Ronald M.},
	YEAR = {2014},
	TITLE = {Readings in Human-Computer Interaction - Toward the Year 2000},
	ISBN = {978-0-080-51574-8},
	PUBLISHER = {Elsevier},
}

@Inbook{Fountain2012,
author="Fountain, Stephen B.
and Doyle, Karen E.",
editor="Seel, Norbert M.",
title="Learning by Chunking",
bookTitle="Encyclopedia of the Sciences of Learning",
year="2012",
publisher="Springer US",
address="Boston, MA",
pages="1814--1817",
isbn="978-1-4419-1428-6",
doi="10.1007/978-1-4419-1428-6_1042",
url="https://doi.org/10.1007/978-1-4419-1428-6_1042"
}

@online{GradientInput,
    author = {Eugen Lindwurm},
    title = {Basics: Gradient*Input as Explanation | by Eugen Lindwurm | Feb, 2021 | Towards Data Science},
    url = {https://towardsdatascience.com/basics-gradient-input-as-explanation-bca79bb80de0},
    urldate = {2021-04-16}
}

@online{LRP,
    author = {Dan Shiebler},
    title = {Understanding Neural Networks with Layerwise Relevance Propagation and Deep Taylor Series},
    year = 2017,
    url = {http://danshiebler.com/2017-04-16-deep-taylor-lrp/},
    urldate = {2021-04-18}
}

@article{Lime_paper,
  author    = {Marco T{\'{u}}lio Ribeiro and
               Sameer Singh and
               Carlos Guestrin},
  title     = {"Why Should {I} Trust You?": Explaining the Predictions of Any Classifier},
  journal   = {CoRR},
  volume    = {abs/1602.04938},
  year      = {2016},
  url       = {http://arxiv.org/abs/1602.04938},
  archivePrefix = {arXiv},
  eprint    = {1602.04938},
  timestamp = {Mon, 13 Aug 2018 16:49:09 +0200},
  biburl    = {https://dblp.org/rec/journals/corr/RibeiroSG16.bib},
  bibsource = {dblp computer science bibliography, https://dblp.org}
}

@misc{Lime_shap_explained, title={Interpretable Machine Learning}, url={https://christophm.github.io/interpretable-ml-book/simple.html#simple}, journal={Chapter 4 Interpretable Models}, author={Molnar, Christoph}, year={2021}, month={04}} 

@misc{lipton2017mythos,
      title={The Mythos of Model Interpretability}, 
      author={Zachary C. Lipton},
      year={2017},
      eprint={1606.03490},
      archivePrefix={arXiv},
      primaryClass={cs.LG}
}

@misc{activeLearning, 
    title={Active learning}, 
    url={https://www.wikiwand.com/en/Active_learning}, 
    journal={Wikiwand}
} 

 @misc{mathers_2017, 
    title={Post hoc ergo propter hoc}, url={https://medium.com/@BryanMMathers/post-hoc-ergo-propter-hoc-812c39e526fc}, journal={Medium}, publisher={Medium}, author={Mathers, Bryan}, year={2017}, month={01}
}

 @misc{ExampleBasedExplanation,
    title={Interpretable Machine Learning}, url={https://christophm.github.io/interpretable-ml-book/example-based.html}, 
    journal={Chapter 6 Example-Based Explanations}, author={Molnar, Christoph}, 
    year={2021}, 
    month={05}
}
 
 @article{shapPaper,
  author    = {Scott Lundberg and
               Su{-}In Lee},
  title     = {A unified approach to interpreting model predictions},
  journal   = {CoRR},
  volume    = {abs/1705.07874},
  year      = {2017},
  url       = {http://arxiv.org/abs/1705.07874},
  archivePrefix = {arXiv},
  eprint    = {1705.07874},
  timestamp = {Mon, 13 Aug 2018 16:48:04 +0200},
  biburl    = {https://dblp.org/rec/journals/corr/LundbergL17.bib},
  bibsource = {dblp computer science bibliography, https://dblp.org}
}


@article{patternRecognitionPsychology,
    author = { Wang   Shugen },
    title = {Framework of pattern recognition model based on the cognitive psychology},
    journal = {Geo-spatial Information Science},
    volume = {5},
    number = {2},
    pages = {74-78},
    year  = {2002},
    publisher = {Taylor & Francis},
    doi = {10.1007/BF02833890},
    
    URL = {https://doi.org/10.1007/BF02833890},
    eprint = {https://doi.org/10.1007/BF02833890}
}

@misc{psychologenie_2014, 
    title={Meaning of Prisoner's Dilemma With Real-life Examples}, 
    url={https://psychologenie.com/meaning-of-prisoners-dilemma-with-real-life-examples}, 
    journal={Psychologenie}, 
    year={2014}, 
    month={12}
} 

 @misc{slundbergMissingness, 
    title={Question about missingness · Issue 175 · slundberg/shap}, url={https://github.com/slundberg/shap/issues/175}, journal={GitHub}, 
    author={Lundberg, Scott M.}} 
 
@misc{shapDocs, 
    title={Welcome to the SHAP documentation}, url={https://shap.readthedocs.io/en/latest/index.html}, journal={Welcome to the SHAP documentation - SHAP latest documentation}, 
    author={Lundberg, Scott M.}
} 

@misc{ChunkingWikipedia, title={Chunking}, url={https://www.wikiwand.com/de/Chunking}, journal={Wikiwand}} 

@misc{Newsgroups20,
  added-at = {2012-05-12T16:39:37.000+0200},
  author = {{empty}},
  biburl = {https://www.bibsonomy.org/bibtex/2133313f1254d09b6ae89da442b62f3bc/lopusz_kdd},
  editor = {{empty}},
  interhash = {77445767e91f49215dc81ff8236ca9d5},
  intrahash = {133313f1254d09b6ae89da442b62f3bc},
  keywords = {dataset},
  timestamp = {2012-05-12T18:24:34.000+0200},
  title = { 20 Newsgroups Dataset},
  url = {http://people.csail.mit.edu/jrennie/20Newsgroups/},
  year = {2019}
}

@article{ILSVRC15,
Author = {Olga Russakovsky and Jia Deng and Hao Su and Jonathan Krause and Sanjeev Satheesh and Sean Ma and Zhiheng Huang and Andrej Karpathy and Aditya Khosla and Michael Bernstein and Alexander C. Berg and Li Fei-Fei},
Title = {{ImageNet Large Scale Visual Recognition Challenge}},
Year = {2015},
journal   = {International Journal of Computer Vision (IJCV)},
doi = {10.1007/s11263-015-0816-y},
volume={115},
number={3},
pages={211-252}
}
