@manual{Opening_Black_Box,
      title  = "Opening the Black Box",
      author = "Hanne Morstad",
      url    = "https://medium.com/tech-accounts/democratized-ai-the-black-box-problem-d70145e4a606",
      year   = "2019"
    }
    
@misc{compGameTheory, 
    title={How Game Theory Works},                         url={https://www.investopedia.com/terms/g/gametheory.asp}, journal={Investopedia}, publisher={Investopedia}, author={Hayes, Adam}, year={2020}, month={8}
}

@misc{shapDocs, 
    title={Welcome to the SHAP documentation}, url={https://shap.readthedocs.io/en/latest/index.html}, journal={Welcome to the SHAP documentation - SHAP latest documentation}, 
    author={Lundberg, Scott M.}
} 

@misc{psychologenie_2014, 
    title={Meaning of Prisoner's Dilemma With Real-life Examples}, 
    url={https://psychologenie.com/meaning-of-prisoners-dilemma-with-real-life-examples}, 
    journal={Psychologenie}, 
    year={2014}, 
    month={12}
} 

 @misc{das_2021, title={Levels Of Interactivity In eLearning}, url={https://elearningindustry.com/levels-of-interactivity-elearning-modules}, journal={eLearning Industry}, author={Das, Satyabrata}, year={2021}, month={05}} 
 
 @misc{Newsgroups20,
  added-at = {2012-05-12T16:39:37.000+0200},
  author = {{empty}},
  biburl = {https://www.bibsonomy.org/bibtex/2133313f1254d09b6ae89da442b62f3bc/lopusz_kdd},
  editor = {{empty}},
  interhash = {77445767e91f49215dc81ff8236ca9d5},
  intrahash = {133313f1254d09b6ae89da442b62f3bc},
  keywords = {dataset},
  timestamp = {2012-05-12T18:24:34.000+0200},
  title = { 20 Newsgroups Dataset},
  url = {http://people.csail.mit.edu/jrennie/20Newsgroups/},
  year = {2019}
}

@misc{lipton2017mythos,
      title={The Mythos of Model Interpretability}, 
      author={Zachary C. Lipton},
      year={2017},
      eprint={1606.03490},
      archivePrefix={arXiv},
      primaryClass={cs.LG}
}